# \bibliography{hoge}
# \bibliographystyle{jplain} % 	参考文献をアルファベット順で出力する
# \bibliographystyle{junsrt} % 参考文献を引用された順で出力する

# mktexlsr
# bibtex report

@article{key,
  author  = {滝田謙介},
  journal = {日本工業大学ロボティクス学科},
  number  = {},
  title   = {ロボットインターフェース設計論 課題 2024-修正版20241207.pdf},
  volume  = {},
  year    = {2024}
}